@online{rmsprop,
	author = "G. Hinton",
	title = "csc321 lecture 6",
	year = 2015,
	url = "http://www.cs.toronto.edu/~tijmen/csc321/slides/lecture_slides_lec6.pdf",
	urldate = {2018-03-14}
}
@online{cifar100,
	author = "Alex Krizhevsky, Vinod Nair, Geoffrey Hinton",
	title = "CIFAR-10 and CIFAR-100 datasets",
	year = 2009,
	url = "https://www.cs.toronto.edu/~kriz/cifar.html",
	urldate = {2018-05-14}
}
@online{sonnet,
	author = "Deepmind",
	title = "Sonnet - Tensorflow-based neural network library",
	year = 2017,
	url = "https://github.com/deepmind/sonnet",
	urldate = {2018-05-14}
}
@article{ilsvr,
	author    = {Olga Russakovsky and
	Jia Deng and
	Hao Su and
	Jonathan Krause and
	Sanjeev Satheesh and
	Sean Ma and
	Zhiheng Huang and
	Andrej Karpathy and
	Aditya Khosla and
	Michael S. Bernstein and
	Alexander C. Berg and
	Fei{-}Fei Li},
	title     = {ImageNet Large Scale Visual Recognition Challenge},
	journal   = {CoRR},
	volume    = {abs/1409.0575},
	year      = {2014},
	url       = {http://arxiv.org/abs/1409.0575},
	archivePrefix = {arXiv},
	eprint    = {1409.0575},
	timestamp = {Wed, 07 Jun 2017 14:41:16 +0200},
	biburl    = {https://dblp.org/rec/bib/journals/corr/RussakovskyDSKSMHKKBBF14},
	bibsource = {dblp computer science bibliography, https://dblp.org}
}
@article{adam,
	author    = {Diederik P. Kingma and
	Jimmy Ba},
	title     = {Adam: {A} Method for Stochastic Optimization},
	journal   = {CoRR},
	volume    = {abs/1412.6980},
	year      = {2014},
	url       = {http://arxiv.org/abs/1412.6980},
	archivePrefix = {arXiv},
	eprint    = {1412.6980},
	timestamp = {Wed, 07 Jun 2017 14:40:52 +0200},
	biburl    = {https://dblp.org/rec/bib/journals/corr/KingmaB14},
	bibsource = {dblp computer science bibliography, https://dblp.org}
}
@article{backprop,
	author = {Rumelhart, David E. and Hinton, Geoffrey E. and Williams, Ronald J.},
	chapter = {Learning Representations by Back-propagating Errors},
	title = {Neurocomputing: Foundations of Research},
	editor = {Anderson, James A. and Rosenfeld, Edward},
	year = {1988},
	isbn = {0-262-01097-6},
	pages = {696--699},
	numpages = {4},
	url = {http://dl.acm.org/citation.cfm?id=65669.104451},
	acmid = {104451},
	publisher = {MIT Press},
	address = {Cambridge, MA, USA},
} 
@article{nesterov,
	author    = {Chi Jin and
	Praneeth Netrapalli and
	Michael I. Jordan},
	title     = {Accelerated Gradient Descent Escapes Saddle Points Faster than Gradient
	Descent},
	journal   = {CoRR},
	volume    = {abs/1711.10456},
	year      = {2017},
	url       = {http://arxiv.org/abs/1711.10456},
	archivePrefix = {arXiv},
	eprint    = {1711.10456},
	timestamp = {Mon, 04 Dec 2017 18:34:59 +0100},
	biburl    = {https://dblp.org/rec/bib/journals/corr/abs-1711-10456},
	bibsource = {dblp computer science bibliography, https://dblp.org}
}
@article{adagrad,
	author = {Duchi, John and Hazan, Elad and Singer, Yoram},
	title = {Adaptive Subgradient Methods for Online Learning and Stochastic Optimization},
	journal = {J. Mach. Learn. Res.},
	issue_date = {2/1/2011},
	volume = {12},
	month = jul,
	year = {2011},
	issn = {1532-4435},
	pages = {2121--2159},
	numpages = {39},
	url = {http://dl.acm.org/citation.cfm?id=1953048.2021068},
	acmid = {2021068},
	publisher = {JMLR.org},
} 
@article{adadelta,
	author    = {Matthew D. Zeiler},
	title     = {{ADADELTA:} An Adaptive Learning Rate Method},
	journal   = {CoRR},
	volume    = {abs/1212.5701},
	year      = {2012},
	url       = {http://arxiv.org/abs/1212.5701},
	archivePrefix = {arXiv},
	eprint    = {1212.5701},
	timestamp = {Wed, 07 Jun 2017 14:43:02 +0200},
	biburl    = {https://dblp.org/rec/bib/journals/corr/abs-1212-5701},
	bibsource = {dblp computer science bibliography, https://dblp.org}
}
@BOOK{hebbian,
	TITLE = {The Organization of Behavior},
	AUTHOR = {Hebb, D.O.},
	YEAR = {1949},
	PUBLISHER = {Wiley \& Sons, New York},
}
@article{wirefire,
	author    = { Siegrid Lowel},
	title     = {Selection of Intrinsic Horizontal Connections in the Visual Cortex by Correlated Neuronal Activity"},
	journal   = {American Association for the Advancement of Science},
	issn    = {0036-8075},
	year      = {1992}
}
@article{oslwmann,
	author    = {Adam Santoro and
	Sergey Bartunov and
	Matthew Botvinick and
	Daan Wierstra and
	Timothy P. Lillicrap},
	title     = {One-shot Learning with Memory-Augmented Neural Networks},
	journal   = {CoRR},
	volume    = {abs/1605.06065},
	year      = {2016},
	url       = {http://arxiv.org/abs/1605.06065},
	archivePrefix = {arXiv},
	eprint    = {1605.06065},
	timestamp = {Wed, 07 Jun 2017 14:42:07 +0200},
	biburl    = {https://dblp.org/rec/bib/journals/corr/SantoroBBWL16},
	bibsource = {dblp computer science bibliography, https://dblp.org}
}
@article{ltlwbohb,
	author    = {Thomas Miconi},
	title     = {Backpropagation of Hebbian plasticity for lifelong learning},
	journal   = {CoRR},
	volume    = {abs/1609.02228},
	year      = {2016},
	url       = {http://arxiv.org/abs/1609.02228},
	archivePrefix = {arXiv},
	eprint    = {1609.02228},
	timestamp = {Wed, 07 Jun 2017 14:41:42 +0200},
	biburl    = {https://dblp.org/rec/bib/journals/corr/Miconi16a},
	bibsource = {dblp computer science bibliography, https://dblp.org}
}
@article{mlwtc,
	author    = {Nikhil Mishra and
	Mostafa Rohaninejad and
	Xi Chen and
	Pieter Abbeel},
	title     = {Meta-Learning with Temporal Convolutions},
	journal   = {CoRR},
	volume    = {abs/1707.03141},
	year      = {2017},
	url       = {http://arxiv.org/abs/1707.03141},
	archivePrefix = {arXiv},
	eprint    = {1707.03141},
	timestamp = {Sat, 05 Aug 2017 14:56:09 +0200},
	biburl    = {https://dblp.org/rec/bib/journals/corr/MishraRCA17},
	bibsource = {dblp computer science bibliography, https://dblp.org}
}
@article{mn,
	author    = {Tsendsuren Munkhdalai and
	Hong Yu},
	title     = {Meta Networks},
	journal   = {CoRR},
	volume    = {abs/1703.00837},
	year      = {2017},
	url       = {http://arxiv.org/abs/1703.00837},
	archivePrefix = {arXiv},
	eprint    = {1703.00837},
	timestamp = {Wed, 07 Jun 2017 14:40:24 +0200},
	biburl    = {https://dblp.org/rec/bib/journals/corr/MunkhdalaiY17},
	bibsource = {dblp computer science bibliography, https://dblp.org}
}
@article{siamese,
	added-at = {2017-03-27T16:51:39.000+0200},
	author = {Koch, Gregory and Zemel, Richard and Salakhutdinov, Ruslan},
	biburl = {https://www.bibsonomy.org/bibtex/26f83b8c4cf316e77e6f6ce1e97411b30/bsc},
	interhash = {a2596c72ef39240b7c4f86e6038d9344},
	intrahash = {6f83b8c4cf316e77e6f6ce1e97411b30},
	keywords = {neural-networks one-shot-learning},
	timestamp = {2017-03-27T16:51:39.000+0200},
	title = {Siamese Neural Networks for One-shot Image Recognition},
	year = 2015
}
@article{matching,
	author    = {Oriol Vinyals and
	Charles Blundell and
	Timothy P. Lillicrap and
	Koray Kavukcuoglu and
	Daan Wierstra},
	title     = {Matching Networks for One Shot Learning},
	journal   = {CoRR},
	volume    = {abs/1606.04080},
	year      = {2016},
	url       = {http://arxiv.org/abs/1606.04080},
	archivePrefix = {arXiv},
	eprint    = {1606.04080},
	timestamp = {Wed, 07 Jun 2017 14:42:53 +0200},
	biburl    = {https://dblp.org/rec/bib/journals/corr/VinyalsBLKW16},
	bibsource = {dblp computer science bibliography, https://dblp.org}
}
@article{prototypical,
	author    = {Jake Snell and
	Kevin Swersky and
	Richard S. Zemel},
	title     = {Prototypical Networks for Few-shot Learning},
	journal   = {CoRR},
	volume    = {abs/1703.05175},
	year      = {2017},
	url       = {http://arxiv.org/abs/1703.05175},
	archivePrefix = {arXiv},
	eprint    = {1703.05175},
	timestamp = {Wed, 07 Jun 2017 14:41:38 +0200},
	biburl    = {https://dblp.org/rec/bib/journals/corr/SnellSZ17},
	bibsource = {dblp computer science bibliography, https://dblp.org}
}
@article{relationnet,
	author    = {Flood Sung and
	Yongxin Yang and
	Li Zhang and
	Tao Xiang and
	Philip H. S. Torr and
	Timothy M. Hospedales},
	title     = {Learning to Compare: Relation Network for Few-Shot Learning},
	journal   = {CoRR},
	volume    = {abs/1711.06025},
	year      = {2017},
	url       = {http://arxiv.org/abs/1711.06025},
	archivePrefix = {arXiv},
	eprint    = {1711.06025},
	timestamp = {Sun, 03 Dec 2017 12:38:15 +0100},
	biburl    = {https://dblp.org/rec/bib/journals/corr/abs-1711-06025},
	bibsource = {dblp computer science bibliography, https://dblp.org}
}
@article{oaamffsl,
	author    = {S. Ravi, H. Larochelle},
	title     = {Optimization as a Model for Few-Shot Learning},
	year      = {2017}
}
@article{lotsag,
	author    = {Olga Wichrowska and
	Niru Maheswaranathan and
	Matthew W. Hoffman and
	Sergio Gomez Colmenarejo and
	Misha Denil and
	Nando de Freitas and
	Jascha Sohl{-}Dickstein},
	title     = {Learned Optimizers that Scale and Generalize},
	journal   = {CoRR},
	volume    = {abs/1703.04813},
	year      = {2017},
	url       = {http://arxiv.org/abs/1703.04813},
	archivePrefix = {arXiv},
	eprint    = {1703.04813},
	timestamp = {Wed, 07 Jun 2017 14:42:27 +0200},
	biburl    = {https://dblp.org/rec/bib/journals/corr/WichrowskaMHCDF17},
	bibsource = {dblp computer science bibliography, https://dblp.org}
}
@article{maml,
	author    = {Chelsea Finn and
	Pieter Abbeel and
	Sergey Levine},
	title     = {Model-Agnostic Meta-Learning for Fast Adaptation of Deep Networks},
	journal   = {CoRR},
	volume    = {abs/1703.03400},
	year      = {2017},
	url       = {http://arxiv.org/abs/1703.03400},
	archivePrefix = {arXiv},
	eprint    = {1703.03400},
	timestamp = {Wed, 07 Jun 2017 14:40:57 +0200},
	biburl    = {https://dblp.org/rec/bib/journals/corr/FinnAL17},
	bibsource = {dblp computer science bibliography, https://dblp.org}
}
@article{reptile,
	author    = {Alex Nichol, Joshua Achiam, John Schulman},
	title     = {On First-Order Meta-Learning Algorithms},
	volume    = {abs/1803.02999},
	year      = {2018},
	url       = {http://arxiv.org/abs/1803.02999},
	archivePrefix = {arXiv},
	eprint    = {1803.02999}
}
@article{universality,
	author    = {Chelsea Finn and
	Sergey Levine},
	title     = {Meta-Learning and Universality: Deep Representations and Gradient
	Descent can Approximate any Learning Algorithm},
	journal   = {CoRR},
	volume    = {abs/1710.11622},
	year      = {2017},
	url       = {http://arxiv.org/abs/1710.11622},
	archivePrefix = {arXiv},
	eprint    = {1710.11622},
	timestamp = {Thu, 02 Nov 2017 14:25:36 +0100},
	biburl    = {https://dblp.org/rec/bib/journals/corr/abs-1710-11622},
	bibsource = {dblp computer science bibliography, https://dblp.org}
}
@article{lwf,
	author    = {Zhizhong Li and
	Derek Hoiem},
	title     = {Learning without Forgetting},
	journal   = {CoRR},
	volume    = {abs/1606.09282},
	year      = {2016},
	url       = {http://arxiv.org/abs/1606.09282},
	archivePrefix = {arXiv},
	eprint    = {1606.09282},
	timestamp = {Wed, 07 Jun 2017 14:41:29 +0200},
	biburl    = {https://dblp.org/rec/bib/journals/corr/LiH16e},
	bibsource = {dblp computer science bibliography, https://dblp.org}
}
@article{reptile,
	author    = {Geoffrey Hinton, Oriol Vinyals, Jeff Dean},
	title     = {Distilling the Knowledge in a Neural Network},
	volume    = {abs/1503.02531},
	year      = {2015},
	url       = {http://arxiv.org/abs/1503.02531},
	archivePrefix = {arXiv},
	eprint    = {1503.02531}
}
@article{hat,
	author    = {Joan Serr{\`{a}} and
	D{\'{\i}}dac Sur{\'{\i}}s and
	Marius Miron and
	Alexandros Karatzoglou},
	title     = {Overcoming catastrophic forgetting with hard attention to the task},
	journal   = {CoRR},
	volume    = {abs/1801.01423},
	year      = {2018},
	url       = {http://arxiv.org/abs/1801.01423},
	archivePrefix = {arXiv},
	eprint    = {1801.01423},
	timestamp = {Thu, 01 Feb 2018 19:52:26 +0100},
	biburl    = {https://dblp.org/rec/bib/journals/corr/abs-1801-01423},
	bibsource = {dblp computer science bibliography, https://dblp.org}
}
@article{gem,
	author    = {David Lopez{-}Paz and
	Marc'Aurelio Ranzato},
	title     = {Gradient Episodic Memory for Continuum Learning},
	journal   = {CoRR},
	volume    = {abs/1706.08840},
	year      = {2017},
	url       = {http://arxiv.org/abs/1706.08840},
	archivePrefix = {arXiv},
	eprint    = {1706.08840},
	timestamp = {Mon, 03 Jul 2017 13:29:02 +0200},
	biburl    = {https://dblp.org/rec/bib/journals/corr/Lopez-PazR17},
	bibsource = {dblp computer science bibliography, https://dblp.org}
}
@article{distillation,
	author    = {Geoffrey Hinton, Oriol Vinyals, Jeff Dean},
	title     = {Distilling the Knowledge in a Neural Network},
	volume    = {abs/1503.02531},
	year      = {2015},
	url       = {http://arxiv.org/abs/1503.02531},
	archivePrefix = {arXiv},
	eprint    = {1503.02531},
}
@article{ewc,
	author    = {James Kirkpatrick and
	Razvan Pascanu and
	Neil C. Rabinowitz and
	Joel Veness and
	Guillaume Desjardins and
	Andrei A. Rusu and
	Kieran Milan and
	John Quan and
	Tiago Ramalho and
	Agnieszka Grabska{-}Barwinska and
	Demis Hassabis and
	Claudia Clopath and
	Dharshan Kumaran and
	Raia Hadsell},
	title     = {Overcoming catastrophic forgetting in neural networks},
	journal   = {CoRR},
	volume    = {abs/1612.00796},
	year      = {2016},
	url       = {http://arxiv.org/abs/1612.00796},
	archivePrefix = {arXiv},
	eprint    = {1612.00796},
	timestamp = {Wed, 07 Jun 2017 14:41:54 +0200},
	biburl    = {https://dblp.org/rec/bib/journals/corr/KirkpatrickPRVD16},
	bibsource = {dblp computer science bibliography, https://dblp.org}
}
@article{tensorflow,
	author    = {Mart{\'{\i}}n Abadi and
	Ashish Agarwal and
	Paul Barham and
	Eugene Brevdo and
	Zhifeng Chen and
	Craig Citro and
	Gregory S. Corrado and
	Andy Davis and
	Jeffrey Dean and
	Matthieu Devin and
	Sanjay Ghemawat and
	Ian J. Goodfellow and
	Andrew Harp and
	Geoffrey Irving and
	Michael Isard and
	Yangqing Jia and
	Rafal J{\'{o}}zefowicz and
	Lukasz Kaiser and
	Manjunath Kudlur and
	Josh Levenberg and
	Dan Man{\'{e}} and
	Rajat Monga and
	Sherry Moore and
	Derek Gordon Murray and
	Chris Olah and
	Mike Schuster and
	Jonathon Shlens and
	Benoit Steiner and
	Ilya Sutskever and
	Kunal Talwar and
	Paul A. Tucker and
	Vincent Vanhoucke and
	Vijay Vasudevan and
	Fernanda B. Vi{\'{e}}gas and
	Oriol Vinyals and
	Pete Warden and
	Martin Wattenberg and
	Martin Wicke and
	Yuan Yu and
	Xiaoqiang Zheng},
	title     = {TensorFlow: Large-Scale Machine Learning on Heterogeneous Distributed
	Systems},
	journal   = {CoRR},
	volume    = {abs/1603.04467},
	year      = {2016},
	url       = {http://arxiv.org/abs/1603.04467},
	archivePrefix = {arXiv},
	eprint    = {1603.04467},
	timestamp = {Wed, 07 Jun 2017 14:40:20 +0200},
	biburl    = {https://dblp.org/rec/bib/journals/corr/AbadiABBCCCDDDG16},
	bibsource = {dblp computer science bibliography, https://dblp.org}
}
@online{sonnet,
	author = "Deepmind",
	title = "Sonnet - Tensorflow-based neural network library",
	year = 2017,
	url = "https://github.com/deepmind/sonnet",
	urldate = {2018-05-14}
}